<record><leader>00000cas a22000007a 4500</leader><controlfield tag="001">16694525</controlfield><controlfield tag="008">870916d19uu1949txusr ne      0    0eng d</controlfield><datafield ind1=" " ind2=" " tag="010"><subfield code="a">sn 87090759 </subfield></datafield><datafield ind1=" " ind2=" " tag="040"><subfield code="a">PPM</subfield><subfield code="b">eng</subfield><subfield code="c">PPM</subfield><subfield code="d">DLC</subfield><subfield code="d">PPM</subfield><subfield code="d">NSD</subfield><subfield code="d">OCLCQ</subfield></datafield><datafield ind1=" " ind2=" " tag="042"><subfield code="a">msc</subfield></datafield><datafield ind1="0" ind2=" " tag="130"><subfield code="a">Texas citizen (Waco, Tex.)</subfield></datafield><datafield ind1="1" ind2="0" tag="245"><subfield code="a">Texas citizen.</subfield></datafield><datafield ind1=" " ind2=" " tag="260"><subfield code="a">Waco, Tex. :</subfield><subfield code="b">Foster-Barron</subfield></datafield><datafield ind1=" " ind2=" " tag="310"><subfield code="a">Semimonthly</subfield></datafield><datafield ind1="0" ind2=" " tag="362"><subfield code="a">-v. 16, no. 37 (Feb. 18, 1949).</subfield></datafield><datafield ind1=" " ind2=" " tag="588"><subfield code="a">Description based on: Vol. 14, no. 31 (Apr. 1, 1947).</subfield></datafield><datafield ind1=" " ind2=" " tag="752"><subfield code="a">United States</subfield><subfield code="b">Texas</subfield><subfield code="c">McLennan</subfield><subfield code="d">Waco.</subfield></datafield><datafield ind1="0" ind2=" " tag="775"><subfield code="t">Waco citizen</subfield><subfield code="x">1080-8574</subfield><subfield code="w">(DLC)sn 86090846</subfield></datafield><datafield ind1="0" ind2="4" tag="785"><subfield code="t">Waco citizen</subfield><subfield code="x">1080-8574</subfield><subfield code="w">(DLC)sn 86090846</subfield></datafield><datafield ind1="1" ind2=" " tag="029"><subfield code="a">AU@</subfield><subfield code="b">000025829005</subfield></datafield></record>